@book{royden1988real,
    title = {Real analysis},
    author = {H. L. Royden},
    year = {1988},
    edition = {3},
    publisher = {Macmillan New York}
}

@book{rudin1976principles,
  title = {Principles of mathematical analysis},
  author = {Rudin, Walter and others},
  volume = {3},
  year = {1976},
  publisher = {McGraw-hill New York}
}

@book{rudin1974real,
  title = {Real and Complex Analysis},
  author = {Rudin, Walter},
  journal = {Inc.,},
  year = {1974},
  publisher = {McGraw-hill New York}
}

@misc{cantorset,
    author = {DYLAN R. NELSON,University of California},
    title = {THE CANTOR SET - A BRIEF INTRODUCTION},
    urldate = {2022-12-29},
    note = {\url{https://www.math.uwaterloo.ca/~xzliu/cantor-set.pdf}},
}

@misc{vataliset,
    author = {MTH 535 Fall 2004},
    year = {2004},
    title = {A non-measurable set},
    urldate = {2022-12-29},
    note = {\url{https://www.math.kth.se/matstat/gru/godis/nonmeas.pdf}},
}

@book{axler2020measure,
    title = {Measure, integration \& real analysis},
    author = {Axler, Sheldon},
    year = {2020},
    publisher = {Springer Nature}
}

